%%https://hai.stanford.edu/sites/default/files/2020-09/AI-Definitions-HAI.pdf
%%http://jmc.stanford.edu/artificial-intelligence/what-is-ai/index.html

%% Articles scientifiques 

@techreport{ethique-cnil,
  author      = "CNIL",
  title       = "Comment permettre à l’homme de garder la main ?",
  institution = "CNIL",
  year        = "2017",
  note        = "",
  annote      = "https://www.cnil.fr/sites/default/files/atoms/files/cnil_rapport_garder_la_main_web.pdf"
}

@article{rosenblueth_wiener_bigelow_1943, title={Behavior, Purpose and Teleology}, volume={10}, DOI={10.1086/286788}, number={1}, journal={Philosophy of Science}, publisher={Cambridge University Press}, author={Rosenblueth, Arturo and Wiener, Norbert and Bigelow, Julian}, year={1943}, pages={18–24}}

%%%%%%%%%%%%%%%%%%%%%%%%%%%%%%%%%%%%%%%%%%%%%%%%%%%%%%%%%%%%%%%%%%%%%%%%%
%% Blogposts

@online{ethique-gibert,
  author = {Martin Gibert},
  title = {Qu’est-ce que l’éthique des algorithmes?},
  year = 2020,
  url = {https://martin-gibert.medium.com/quest-ce-que-l-éthique-des-algorithmes-b681dac27334},
}

@online{ethique-canada,
  author = {Commission de l’éthique en science et en technologie du Québec},
  title = {Les enjeux éthiques que soulèvent les algorithmes},
  year = 2021,
  url = {https://www.ethique.gouv.qc.ca/fr/actualites/ethique-hebdo/eh-2021-07-07/},
}

@InCollection{ethique-standford,
	author       =	{Müller, Vincent C.},
	title        =	{{Ethics of Artificial Intelligence and Robotics}},
	booktitle    =	{The {Stanford} Encyclopedia of Philosophy},
	editor       =	{Edward N. Zalta},
	howpublished =	{\url{https://plato.stanford.edu/archives/sum2021/entries/ethics-ai/}},
	year         =	{2021},
	edition      =	{{S}ummer 2021},
	publisher    =	{Metaphysics Research Lab, Stanford University}
}

@online{ethique-huggingface,
  author = {Saulnier, Lucile and ali},
  title = {Putting ethical principles at the core of the research lifecycle},
  year = 2022,
  url = {https://huggingface.co/blog/ethical-charter-multimodal},
}


@online{ia-coe,
  author = {Conseil de l'Europe},
  title = {Histoire de l'intelligence artificielle},
  year = 2022,
  url = {https://www.coe.int/fr/web/artificial-intelligence/history-of-ai},
}



%%% Livre philo morale

@book{bentham1776fragment,
  title={A Fragment on Government},
  author={Bentham, J.},
  url={https://earlymoderntexts.com/assets/pdfs/bentham1776.pdf},
  year={1776},
}


@book{bentham1771introduction,
  title={An Introduction to the Principles of Morals and Legislation},
  author={Bentham, J.},
  url={https://socialsciences.mcmaster.ca/econ/ugcm/3ll3/bentham/morals.pdf},
  year={1771}
}

@book{spinoza1894ethic,
  title={Ethic},
  author={Spinoza, B.},
  url={http://hyperspinoza.caute.lautre.net/-Hyper-Ethique-},
  year={1677},
}

@book{aristote-ethics-nico,
  title={Ethique {\`a} Nicomaque},
  url={https://philosophie.cegeptr.qc.ca/wp-content/documents/%C3%89thique-%C3%A0-Nicomaque.pdf}
}

@book{aristote-ethics-eud,
  title={Ethique {\`a} Eud\`eme},
  url={}
}

@book{aristote-ethics-magna-moralia,
  title={La Grande Morale (Magna Moralia)},
  url={},
}

@book{aristote-ethics-vertus-vices,
  title={Des vertus et des vices},
  url={},
}

@book{kant1785fondements,
  title={Fondements de la m{\'e}taphysique des moeurs},
  author={Kant, I.},
  url={https://philosophie.cegeptr.qc.ca/wp-content/documents/Fondements-de-la-M%C3%A9taphysique-des-moeurs.pdf},
}
